@article{argyris1969a,
  title = {Finite Elements in Time and Space},
  author = {Argyris, J H and Scharpf, D W},
  year = {1969},
  journal = {Nuclear Engineering and Design},
  volume = {10},
  pages = {456--464},
  langid = {english}
}

@book{arnold1978,
  title = {Mathematical {{Methods}} of {{Classical Mechanics}}},
  author = {Arnold, V. I.},
  editor = {Moore, C. C.},
  year = {1978},
  series = {Graduate {{Texts}} in {{Mathematics}}},
  volume = {60},
  publisher = {Springer},
  address = {New York, NY},
  urldate = {2024-02-28},
  isbn = {978-1-4757-1695-5 978-1-4757-1693-1}
}

@article{bailey1975,
  title = {A New Look at {{Hamilton}}'s Principle},
  author = {Bailey, Cecil D.},
  year = {1975},
  month = sep,
  journal = {Foundations of Physics},
  volume = {5},
  pages = {433--451},
  issn = {1572-9516},
  urldate = {2025-02-23},
  langid = {english}
}

@article{bajer1986,
  title = {Triangular and Tetrahedral Space-time Finite Elements in Vibration Analysis},
  author = {Bajer, Czes{\l}aw I.},
  year = {1986},
  month = nov,
  journal = {International Journal for Numerical Methods in Engineering},
  volume = {23},
  pages = {2031--2048},
  issn = {0029-5981, 1097-0207},
  urldate = {2025-02-18},
  copyright = {http://onlinelibrary.wiley.com/termsAndConditions\#vor},
  langid = {english}
}

@article{baruch1982,
  title = {Hamilton's Principle, {{Hamilton}}'s Law - 6 to the n Power Correct Formulations},
  author = {Baruch, Menahem and Riff, Richard},
  year = {1982},
  month = may,
  journal = {AIAA Journal},
  volume = {20},
  pages = {687--692},
  issn = {0001-1452, 1533-385X},
  urldate = {2023-10-31},
  langid = {english}
}

@book{bedford1994,
  title = {Introduction to {{Elastic Wave Propagation}}},
  author = {Bedford, A and Drumheller, {\relax DS}},
  year = {1994},
  publisher = {John Wiley \& Sons},
  address = {Chichester, UK}
}

@article{belytschko1994,
  title = {Element-free {{Galerkin}} Methods},
  author = {Belytschko, T. and Lu, Y. Y. and Gu, L.},
  year = {1994},
  journal = {International Journal for Numerical Methods in Engineering},
  volume = {37},
  pages = {229--256},
  issn = {10970207},
  langid = {english}
}

@article{Chang2011,
  title = {{光滑粒子动力学方法的发展与应用}},
  author = {常, 建忠 and 刘, 谋斌 and 宗, 智},
  year = {2011},
  month = mar,
  journal = {力学进展},
  volume = {41},
  pages = {217--234},
  publisher = {力学进展},
  issn = {1000-0992},
  urldate = {2025-02-24},
  copyright = {http://creativecommons.org/licenses/by/3.0/},
  langid = {chinese}
}

@article{chen2017,
  title = {{Meshfree methods: Progress made after 20 Years}},
  author = {Chen, Jiun Shyan and Hillman, Michael and Chi, Sheng Wei},
  year = {2017},
  month = apr,
  journal = {Journal of Engineering Mechanics},
  volume = {143},
  pages = {04017001},
  issn = {0733-9399},
  langid = {English LB - Chen2017}
}

@article{cheng2020a,
  title = {The Hybrid Complex Variable Element-Free {{Galerkin}} Method for {{3D}} Elasticity Problems},
  author = {Cheng, Heng and Peng, Miaojuan and Cheng, Yumin and Meng, Zhijuan},
  year = {2020},
  month = sep,
  journal = {Engineering Structures},
  volume = {219},
  pages = {110835},
  issn = {0141-0296},
  urldate = {2025-02-23}
}

@article{Cheng2024,
  title = {{三维瞬态对流扩散问题的插值型维数分裂无单元Galerkin方法}},
  author = {成, 毓俊 and 彭, 妙娟 and 程, 玉民},
  year = {2024},
  month = dec,
  journal = {计算机辅助工程},
  volume = {33},
  pages = {55--61,68},
  publisher = {计算机辅助工程},
  issn = {1006-0871},
  urldate = {2025-02-24},
  copyright = {http://creativecommons.org/licenses/by/3.0/},
  langid = {chinese}
}

@article{du2022,
  title = {A Unified Reproducing Kernel Gradient Smoothing {{Galerkin}} Meshfree Approach to Strain Gradient Elasticity},
  author = {Du, Honghui and Wu, Junchao and Wang, Dongdong and Chen, Jian},
  year = {2022},
  month = jul,
  journal = {Computational Mechanics},
  volume = {70},
  pages = {73--100},
  publisher = {Springer Berlin Heidelberg},
  issn = {1432-0924},
  urldate = {2022-05-05},
  copyright = {2022 The Author(s), under exclusive licence to Springer-Verlag GmbH Germany, part of Springer Nature},
  langid = {english}
}

@article{epstein2024,
  title = {Applications of {{Space}}--{{Time Elements}}},
  author = {Epstein, Marcelo and Soleimani, Kasra and Sudak, Leszek},
  year = {2024},
  month = apr,
  journal = {Journal of Engineering Mechanics},
  volume = {150},
  pages = {04024005},
  publisher = {American Society of Civil Engineers},
  urldate = {2024-02-29},
  copyright = {{\copyright} 2024 American Society of Civil Engineers},
  langid = {english}
}

@article{Fu2022,
  title = {再生光滑梯度无网格法动力特性研究},
  author = {付, 赛赛 and 邓, 立克 and 吴, 俊超 and 王, 东东 and 张, 灿辉},
  year = {2022},
  month = dec,
  journal = {应用力学学报},
  volume = {39},
  pages = {1065--1075}
}

@article{FuZhuoJia2022,
  title = {{物理信息依赖核函数配点法的研究进展}},
  author = {傅卓佳 and 李明娟 and 习强 and 徐文志 and 刘庆国},
  year = {2022},
  month = dec,
  journal = {力学学报},
  volume = {54},
  pages = {3352--3365},
  publisher = {《力学学报》编辑部},
  issn = {0459-1879},
  urldate = {2025-02-23},
  copyright = {http://creativecommons.org/licenses/by/3.0/},
  langid = {chinese}
}

@article{Gu2016,
  title = {{基于近场动力学方法的混凝土板侵彻问题研究}},
  author = {顾, 鑫 and 章, 青 and 黄, 丹},
  year = {2016},
  journal = {振动与冲击},
  volume = {35},
  pages = {52--58},
  issn = {1000-3835},
  urldate = {2025-02-24},
  langid = {chinese}
}

@article{hashemi2013,
  title = {Exponential Basis Functions in Space and Time: {{A}} Meshless Method for {{2D}} Time Dependent Problems},
  shorttitle = {Exponential Basis Functions in Space and Time},
  author = {Hashemi, S. H. and Boroomand, B. and Movahedian, B.},
  year = {2013},
  month = may,
  journal = {Journal of Computational Physics},
  volume = {241},
  pages = {526--545},
  issn = {0021-9991},
  urldate = {2025-02-23}
}

@article{hoonhout2023,
  title = {Stable Least-Squares Space-Time Boundary Element Methods for the Wave Equation},
  author = {Hoonhout, Daniel and Loscher, Richard and Steinbach, Olaf and Urzua, Carolina},
  year = {2023},
  langid = {english}
}

@article{hou1994,
  title = {Application of {{Triangular Space-Time Finite Elements}} to {{Problems}} of {{Wave Propagation}}},
  author = {Hou, L. -J. and Peters, D. A.},
  year = {1994},
  month = jun,
  journal = {Journal of Sound and Vibration},
  volume = {173},
  pages = {611--632},
  issn = {0022-460X},
  urldate = {2024-10-16}
}

@article{Hu2023,
  title = {{基于拉格朗日插值的无网格直接配点法和稳定配点法}},
  author = {胡, 明皓 and 王, 莉华},
  year = {2023},
  month = jul,
  journal = {力学学报},
  volume = {55},
  pages = {1526--1536},
  publisher = {《力学学报》编辑部},
  issn = {0459-1879},
  urldate = {2025-02-24},
  copyright = {http://creativecommons.org/licenses/by/3.0/},
  langid = {chinese}
}

@article{huang2023,
  title = {Space--Time Collocation Meshfree Method for Modeling {{3D}} Wave Propagation Problems},
  author = {Huang, Zhentian and Lei, Dong and Han, Zi and Xie, Heping and Zhu, Jianbo},
  year = {2023},
  month = jun,
  journal = {Computational Mechanics},
  issn = {1432-0924},
  urldate = {2023-10-13},
  langid = {english}
}

@article{hughes1988,
  title = {Space-Time Finite Element Methods for Elastodynamics: {{Formulations}} and Error Estimates},
  shorttitle = {Space-Time Finite Element Methods for Elastodynamics},
  author = {Hughes, Thomas J. R. and Hulbert, Gregory M.},
  year = {1988},
  month = feb,
  journal = {Computer Methods in Applied Mechanics and Engineering},
  volume = {66},
  pages = {339--363},
  issn = {0045-7825},
  urldate = {2024-02-27}
}

@article{hughes1996,
  title = {A Space-Time Formulation for Multiscale Phenomena},
  author = {Hughes, Thomas J.R. and Stewart, James R.},
  year = {1996},
  month = nov,
  journal = {Journal of Computational and Applied Mathematics},
  volume = {74},
  pages = {217--229},
  issn = {03770427},
  urldate = {2024-02-26},
  langid = {english}
}

@book{hughes2000,
  title = {The {{Finite Element Method}}: {{Linear Static}} and {{Dynamic Finite Element Analysis}}},
  author = {Hughes, Thomas J.R.},
  year = {2000},
  publisher = {Prentice Hall},
  address = {New Jersey}
}

@article{hulbert1990,
  title = {Space-Time Finite Element Methods for Second-Order Hyperbolic Equations},
  author = {Hulbert, Gregory M. and Hughes, Thomas J.R.},
  year = {1990},
  month = dec,
  journal = {Computer Methods in Applied Mechanics and Engineering},
  volume = {84},
  pages = {327--348},
  issn = {00457825},
  urldate = {2023-10-24},
  langid = {english}
}

@article{jiang2025,
  title = {The Localized Radial Basis Function Collocation Method for Dendritic Solidification, Solid Phase Sintering and Wetting Phenomenon Based on Phase Field},
  author = {Jiang, Pengfei and Zheng, Hui and Xiong, Jingang and Rabczuk, Timon},
  year = {2025},
  month = jan,
  journal = {Journal of Computational Physics},
  volume = {520},
  pages = {113515},
  issn = {0021-9991},
  urldate = {2025-02-24}
}

@article{JiangXiaoYan2014,
  title = {{非线性动力方程的精细时空有限元方法}},
  author = {江小燕 and 王建国},
  year = {2014},
  month = jan,
  journal = {工程力学},
  volume = {31},
  pages = {23--28},
  publisher = {《工程力学》杂志社},
  issn = {1000-4750},
  urldate = {2025-02-19},
  copyright = {http://creativecommons.org/licenses/by/3.0/},
  langid = {chinese}
}

@article{Kan2022,
  title = {钢筋混凝土的杂交交错网格物质点有限元法研究},
  author = {阚, 镭 and 孙, 梓贤 and 张, 雄 and 崔, 潇骁 and 周, 旭},
  year = {2022},
  journal = {中国科学: 物理学 力学 天文学},
  volume = {52},
  pages = {50--63}
}

@article{lejeunes2024,
  title = {A Space-Time Formulation for Time-Dependent Behaviors at Small or Finite Strains},
  author = {Lejeunes, St{\'e}phane and Eyheramendy, Dominique},
  year = {2024},
  month = may,
  journal = {Computational Mechanics},
  volume = {74},
  pages = {1339--1356},
  issn = {1432-0924},
  urldate = {2024-05-16},
  langid = {english}
}

@article{Li2017a,
  title = {{反应扩散方程的连续时空有限元方法}},
  author = {李, 宏 and 杜, 春瑶 and 赵, 智慧},
  year = {2017},
  month = may,
  journal = {计算数学},
  volume = {39},
  pages = {167--178},
  issn = {0254-7791},
  urldate = {2025-02-23},
  langid = {chinese}
}

@article{lin2021,
  title = {A Novel Meshless Space-Time Backward Substitution Method and Its Application to Nonhomogeneous Advection-Diffusion Problems},
  author = {Lin, Ji and Zhang, Yuhui and Reutskiy, Sergiy and Feng, Wenjie},
  year = {2021},
  month = jun,
  journal = {Applied Mathematics and Computation},
  volume = {398},
  pages = {125964},
  issn = {0096-3003},
  urldate = {2025-02-23}
}

@article{LiuXiaoJing2017,
  title = {{小波方法及其非线性力学问题应用分析}},
  author = {刘小靖 and 王加群 and 周又和 and 王记增},
  year = {Mon Aug 28 00:00:00 CST 2017},
  journal = {固体力学学报},
  volume = {38},
  pages = {287--311},
  publisher = {固体力学学报},
  issn = {0254-7805},
  urldate = {2025-02-24},
  copyright = {http://creativecommons.org/licenses/by/3.0/},
  langid = {chinese}
}

@article{ma2024,
  title = {A Novel Smoothed Particle Hydrodynamics Method for Multi-Physics Simulation of Laser Powder Bed Fusion},
  author = {Ma, Yibo and Zhou, Xu and Zhang, Fan and Wei{\ss}enfels, Christian and Liu, Moubin},
  year = {2024},
  month = nov,
  journal = {Computational Mechanics},
  volume = {74},
  pages = {1009--1036},
  issn = {1432-0924},
  urldate = {2025-02-24},
  langid = {english}
}

@article{myers2002,
  title = {Space-Time Radial Basis Functions},
  author = {Myers, D. E. and De Iaco, S. and Posa, D. and De Cesare, L.},
  year = {2002},
  month = feb,
  journal = {Computers \& Mathematics with Applications},
  volume = {43},
  pages = {539--549},
  issn = {0898-1221},
  urldate = {2025-02-23}
}

@article{Peng1992,
  title = {{{由Gurtin变分原理求解一维动力响应的半解析法}}},
  author = {彭, 建设 and 张, 敬宇},
  year = {1992},
  month = nov,
  journal = {力学学报},
  volume = {24}
}

@article{peters1988,
  title = {Hp-Version Finite Elements for the Space-Time Domain},
  author = {Peters, D. A. and Izadpanah, A. P.},
  year = {1988},
  month = mar,
  journal = {Computational Mechanics},
  volume = {3},
  pages = {73--88},
  issn = {1432-0924},
  urldate = {2023-10-24},
  langid = {english}
}

@article{petersen2000,
  title = {A Space--Time Discontinuous {{Galerkin}} Method for the Solution of the Wave Equation in the Time-Domain},
  author = {Petersen, Steffen and Farhat, Charbel and Tezaur, Radek},
  year = {2000},
  langid = {english}
}

@article{vondanwitz2023,
  title = {Time-Continuous and Time-Discontinuous Space-Time Finite Elements for Advection-Diffusion Problems},
  author = {{von Danwitz}, Max and Voulis, Igor and Hosters, Norbert and Behr, Marek},
  year = {2023},
  journal = {International Journal for Numerical Methods in Engineering},
  volume = {124},
  pages = {3117--3144},
  issn = {1097-0207},
  urldate = {2024-02-29},
  copyright = {{\copyright} 2023 The Authors. International Journal for Numerical Methods in Engineering published by John Wiley \& Sons Ltd.},
  langid = {english}
}

@article{wang2016b,
  title = {An Efficient Nesting Sub-Domain Gradient Smoothing Integration Algorithm with Quadratic Exactness for {{Galerkin}} Meshfree Methods},
  author = {Wang, Dongdong and Wu, Junchao},
  year = {2016},
  journal = {Computer Methods in Applied Mechanics and Engineering},
  volume = {298},
  pages = {485--519},
  issn = {00457825}
}

@article{wang2019a,
  title = {An Inherently Consistent Reproducing Kernel Gradient Smoothing Framework toward Efficient {{Galerkin}} Meshfree Formulation with Explicit Quadrature},
  author = {Wang, Dongdong and Wu, Junchao},
  year = {2019},
  month = jun,
  journal = {Computer Methods in Applied Mechanics and Engineering},
  volume = {349},
  pages = {628--672},
  issn = {00457825}
}

@article{wang2020b,
  title = {A Quasi-Consistent Integration Method for Efficient Meshfree Analysis of {{Helmholtz}} Problems with Plane Wave Basis Functions},
  author = {Wang, Jiarui and Wu, Junchao and Wang, Dongdong},
  year = {2020},
  month = jan,
  journal = {Engineering Analysis with Boundary Elements},
  volume = {110},
  pages = {42--55},
  issn = {0955-7997},
  urldate = {2019-11-21},
  copyright = {All rights reserved},
  langid = {english}
}

@article{wriggers2024,
  title = {On a Space-Time Implementation of the Wave Equation Using Virtual Elements},
  author = {Wriggers, P. and Junker, Ph},
  year = {2024},
  month = nov,
  journal = {Computational Mechanics},
  pages = {1--15},
  publisher = {Springer Berlin Heidelberg},
  issn = {1432-0924},
  urldate = {2024-11-26},
  copyright = {2024 The Author(s)},
  langid = {english}
}

@article{Wu2016d,
  title = {伽辽金型无网格法的数值积分方法},
  author = {吴, 俊超 and 邓, 俊俊 and 王, 家睿 and 王, 东东},
  year = {2016},
  journal = {固体力学学报},
  volume = {3},
  pages = {208--233}
}

@article{wu2018a,
  title = {A Meshfree Higher Order Mass Matrix Formulation for Structural Vibration Analysis},
  author = {Wu, Junchao and Wang, Dongdong and Lin, Zeng},
  year = {2018},
  month = mar,
  journal = {International Journal of Structural Stability and Dynamics},
  volume = {18},
  pages = {1850121},
  issn = {0219-4554}
}

@article{wu2020a,
  title = {An Efficient Gradient Smoothing Meshfree Formulation for the Fourth-Order Phase Field Modeling of Brittle Fracture},
  author = {Wu, Junchao and Wang, Dongdong and Lin, Zeng and Qi, Dongliang},
  year = {2020},
  month = mar,
  journal = {Computational Particle Mechanics},
  volume = {7},
  pages = {193--207},
  issn = {2196-4386},
  copyright = {All rights reserved},
  langid = {english}
}

@article{wu2021,
  title = {An Accuracy Analysis of {{Galerkin}} Meshfree Methods Accounting for Numerical Integration},
  author = {Wu, Junchao and Wang, Dongdong},
  year = {2021},
  month = mar,
  journal = {Computer Methods in Applied Mechanics and Engineering},
  volume = {375},
  pages = {113631},
  issn = {0045-7825},
  urldate = {2020-12-28},
  langid = {english}
}

@article{Wu2022b,
  title = {{基于赫林格-赖斯纳变分原理的一致高效无网格本质边界条件施加方法}},
  author = {吴, 俊超 and 吴, 新瑜 and 赵, 珧冰 and 王, 东东},
  year = {2022},
  month = dec,
  journal = {力学学报},
  volume = {54},
  pages = {3283--3296},
  publisher = {力学学报},
  issn = {0459-1879},
  urldate = {2023-01-02},
  copyright = {http://creativecommons.org/licenses/by/3.0/},
  langid = {chinese}
}

@article{wu2023,
  title = {A Rotation-Free {{Hellinger-Reissner}} Meshfree Thin Plate Formulation Naturally Accommodating Essential Boundary Conditions},
  author = {Wu, Junchao and Wu, Xinyu and Zhao, Yaobing and Wang, Dongdong},
  year = {2023},
  month = sep,
  journal = {Engineering Analysis with Boundary Elements},
  volume = {154},
  pages = {122--140},
  issn = {0955-7997},
  urldate = {2023-06-01},
  langid = {english}
}

@article{wu2024,
  title = {Quasi-Consistent Efficient Meshfree Thin Shell Formulation with Naturally Stabilized Enforced Essential Boundary Conditions},
  author = {Wu, Junchao and Xu, Yangtao and Xu, Bin and Basha, Syed Humayun},
  year = {2024},
  month = jun,
  journal = {Engineering Analysis with Boundary Elements},
  volume = {163},
  pages = {641--655},
  issn = {0955-7997},
  urldate = {2025-01-06}
}

@article{WuFeng2016,
  title = {{浅水问题的约束Hamilton变分原理及祖冲之类保辛算法}},
  author = {吴锋 and 钟万勰},
  year = {2016},
  month = jan,
  journal = {应用数学和力学},
  volume = {37},
  pages = {1--13},
  publisher = {应用数学和力学},
  issn = {1000-0887},
  urldate = {2025-02-23},
  copyright = {http://creativecommons.org/licenses/by/3.0/},
  langid = {chinese}
}

@article{xu2023a,
  title = {On Methodology and Application of Smoothed Particle Hydrodynamics in Fluid, Solid and Biomechanics},
  author = {Xu, Fei and Wang, Jiayi and Yang, Yang and Wang, Lu and Dai, Zhen and Han, Ruiqi},
  year = {2023},
  month = jan,
  journal = {Acta Mechanica Sinica},
  volume = {39},
  pages = {722185},
  issn = {1614-3116},
  urldate = {2025-02-24},
  langid = {english}
}

@article{xu2025,
  title = {Space-Time Virtual Element Method for Elastodynamics: {{Theory}}, Applications, and Code Development},
  shorttitle = {Space-Time Virtual Element Method for Elastodynamics},
  author = {Xu, Bing-Bing and Junker, Philipp and Wriggers, Peter},
  year = {2025},
  month = feb,
  journal = {Computer Methods in Applied Mechanics and Engineering},
  volume = {435},
  pages = {117683},
  issn = {0045-7825},
  urldate = {2024-12-24}
}

@article{xue2024a,
  title = {A Meshfree Method for the Nonlinear {{KdV}} Equation Using Stabilized Collocation Method and Gradient Reproducing Kernel Approximations},
  author = {Xue, Zhiyuan and Liu, Yijia and Wang, Lihua and Abdel Wahab, Magd},
  year = {2024},
  month = jul,
  journal = {Engineering Analysis with Boundary Elements},
  volume = {164},
  pages = {105752},
  issn = {0955-7997},
  urldate = {2025-02-24}
}

@article{Yang2019,
  title = {{一种基于黎曼解处理大密度比多相流SPH的改进算法}},
  author = {杨, 秋足 and 徐, 绯 and 王, 璐 and 杨, 扬},
  year = {2019},
  month = may,
  journal = {力学学报},
  volume = {51},
  pages = {730--742},
  publisher = {《力学学报》编辑部},
  issn = {0459-1879},
  urldate = {2025-02-24},
  copyright = {http://creativecommons.org/licenses/by/3.0/},
  langid = {chinese}
}

@article{YaoXueHao2022,
  title = {{流固耦合破坏分析的多分辨率PD-SPH方法}},
  author = {姚学昊 and 陈丁 and 武立伟 and 黄丹},
  year = {2022},
  month = dec,
  journal = {力学学报},
  volume = {54},
  pages = {3333--3343},
  publisher = {《力学学报》编辑部},
  issn = {0459-1879},
  urldate = {2025-02-23},
  copyright = {http://creativecommons.org/licenses/by/3.0/},
  langid = {chinese}
}

@book{Zhang2004a,
  title = {{无网格法}},
  author = {张, 雄 and 刘, 岩},
  year = {2004},
  publisher = {清华大学出版社},
  langid = {cn}
}

@article{Zhang2022,
  title = {{近场动力学在断裂力学领域的研究进展}},
  author = {张, 恒 and 张, 雄 and 乔, 丕忠},
  year = {2022},
  month = dec,
  journal = {力学进展},
  volume = {52},
  pages = {852--873},
  publisher = {力学进展},
  issn = {1000-0992},
  urldate = {2025-02-24},
  copyright = {http://creativecommons.org/licenses/by/3.0/},
  langid = {chinese}
}

@article{zhang2022a,
  title = {Error Analysis of an Implicit {{Galerkin}} Meshfree Scheme for General Second-Order Parabolic Problems},
  author = {Zhang, Tao and Li, Xiaolin and Xu, Liwei},
  year = {2022},
  month = jul,
  journal = {Applied Numerical Mathematics},
  volume = {177},
  pages = {58--78},
  issn = {0168-9274},
  urldate = {2025-02-24}
}

@article{zhang2024,
  title = {Optimal Implicit Single-Step Time Integration Methods with Equivalence to the Second-Order-Type Linear Multistep Methods for Structural Dynamics: {{Accuracy}} Analysis Based on an Analytical Framework},
  shorttitle = {Optimal Implicit Single-Step Time Integration Methods with Equivalence to the Second-Order-Type Linear Multistep Methods for Structural Dynamics},
  author = {Zhang, Jie},
  year = {2024},
  month = jan,
  journal = {Computer Methods in Applied Mechanics and Engineering},
  volume = {418},
  pages = {116503},
  issn = {0045-7825},
  urldate = {2023-10-16}
}

@article{Zhong2005,
  title = {{时间有限元与保辛}},
  author = {钟, 万勰 and 姚, 征},
  year = {2005},
  journal = {机械强度},
  pages = {178--183},
  issn = {1001-9669},
  urldate = {2023-10-09},
  langid = {chinese}
}
